
%
%  $Description: Sample bibliography$ 
% 
%  $Author: ienne $ 
%  $Date: 1995/09/15 15:19:53 $
%  $Revision: 1.3 $
%

@Article{ex1,
   author = "Leslie Lamport",
   title = "Paxos Made Simple",
   journal = "",
   month = "November",
   year = "2001"
}

@Article{ex2,
   author = "Leslie Lamport and Dahlia Malkhi and Lidong Zhou",
   title = "Reconfiguring a State Machine",
   journal = "ACM SIGACT News",
   month = "March",
   year = "2010"
}

